% Encoding: UTF-8

@Article{Zhang2000,
  author    = {Zhang, Z.},
  title     = {A Flexible New Technique for Camera Calibration},
  journal   = {IEEE Transactions on Pattern Analysis and Machine Intelligence},
  volume    = {22},
  number    = {11},
  pages     = {1330--1334},
  year      = {2000},
  timestamp = {2017-01-24},
}

@inproceedings{olson2011apriltag,
  title={{AprilTag}: A robust and flexible visual fiducial system},
  author={Olson, Edwin},
  booktitle={Proc.\ IEEE Conf.\ on Robotics and Automation},
  year={2011}
}

@Book{SiegwartNourbakhshEtAl2011,
  author    = {Siegwart, R. and Nourbakhsh, I. R. and Scaramuzza, D.},
  title     = {Introduction to Autonomous Mobile Robots},
  publisher = {MIT Press},
  edition   = {Second},
  year      = {2011},
  timestamp = {2017-01-27},
}

@inproceedings{szegedy2016rethinking,
  title={Rethinking the {Inception} architecture for computer vision},
  author={Szegedy, Christian and Vanhoucke, Vincent and Ioffe, Sergey and Shlens, Jon and Wojna, Zbigniew},
  booktitle={Proc. IEEE Conf. on Computer Vision and Pattern Recognition},
  pages={2818--2826},
  year={2016}
}

@misc{VOC2007,
	author = "Everingham, M. and Van~Gool, L. and Williams, C. K. I. and Winn, J. and Zisserman, A.",
	title = "The {PASCAL} {V}isual {O}bject {C}lasses {C}hallenge 2007 {(VOC2007)} {R}esults",
	note = {{Available} at \url{http://www.pascal-network.org/challenges/VOC/voc2007/workshop/index.html}}}

@inproceedings{YOLO2016,
  title={You only look once: Unified, real-time object detection},
  author={Redmon, Joseph and Divvala, Santosh and Girshick, Ross and Farhadi, Ali},
  booktitle={Proc. IEEE Conf. on Computer Vision and Pattern Recognition},
  pages={779--788},
  year={2016}
}

@inproceedings{SSD2016,
  title={{SSD}: Single shot multibox detector},
  author={Liu, Wei and Anguelov, Dragomir and Erhan, Dumitru and Szegedy, Christian and Reed, Scott and Fu, Cheng-Yang and Berg, Alexander C},
  booktitle={Proc. European Conf. on Computer Vision},
  pages={21--37},
  year={2016},
  organization={Springer}
}

@article{saliency13,
  title={Deep inside convolutional networks: Visualising image classification models and saliency maps},
  author={Simonyan, Karen and Vedaldi, Andrea and Zisserman, Andrew},
  year={2013},
  note={{Available} at \url{https://arxiv.org/abs/1312.6034}}}
}

@Techreport{RRT,
  author      = {LaValle, Steven M.},
  title       = {Rapidly-Exploring Random Trees: A New Tool for Path Planning},
  institution = {Illinois State University},
  year        = {1998},
}

@Article{Dubins,
  author  = {L. E. Dubins},
  title   = {On curves of minimal length with a constraint on average curvature and with prescribed initial and terminal positions and tangents},
  journal = {American Journal of Mathematics},
  volume  = {79},
  pages   = {497--516},
  year    = {1957},
}

@Article{GeraertsOvermars2007,
  author    = {Geraerts, R. and Overmars, M.},
  title     = {Creating High-quality Paths for Motion Planning},
  journal   = {{Int.\ Journal of Robotics Research}}},
  volume    = {26},
  number    = {8},
  pages     = {845--863},
  year      = {2007},
}

@Inproceedings{KuffnerLaValle2000,
  author    = {Kuffner, J. J. and LaValle, S. M.},
  title     = {{RRT-Connect:} An efficient approach to single-query path planning},
  booktitle = {{Proc.\ IEEE Conf.\ on Robotics and Automation}},
  year      = {2000},
}

@Comment{jabref-meta: databaseType:bibtex;}
